<?xml version="1.0" encoding="UTF-8"?><collection xmlns="http://www.loc.gov/MARC21/slim"><record><leader>00553nam--2200181-i-4500</leader><controlfield tag="001">000036607</controlfield><controlfield tag="002">20161230</controlfield><controlfield tag="005">20161230201041</controlfield><controlfield tag="008">060222s1000------------r-----000-0-fre-d</controlfield><datafield ind1=" " ind2=" " tag="040"><subfield code="a">IFIN-HH</subfield></datafield><datafield ind1=" " ind2=" " tag="041"><subfield code="a">fre</subfield></datafield><datafield ind1=" " ind2=" " tag="080"><subfield code="a">620.197(043)</subfield></datafield><datafield ind1="1" ind2=" " tag="100"><subfield code="a">Pons, Michel</subfield></datafield><datafield ind1="1" ind2="0" tag="245"><subfield code="a">Amelioration de la resistance a l`oxydation a haute temperature par implantation ionique-cas du fer et du titane</subfield><subfield code="b">These</subfield><subfield code="c">Michel pons</subfield></datafield><datafield ind1=" " ind2=" " tag="260"><subfield code="a">Grenoble</subfield><subfield code="b">Institute Natioale Polytechnique</subfield><subfield code="c">1982</subfield></datafield><datafield ind1=" " ind2=" " tag="300"><subfield code="a">75P</subfield></datafield><datafield ind1=" " ind2=" " tag="852"><subfield code="a">73750</subfield><subfield code="c">539.23</subfield></datafield><datafield ind1=" " ind2=" " tag="CAT"><subfield code="a">Sys</subfield><subfield code="c">20121218</subfield><subfield code="h">175103</subfield></datafield></record></collection>